<?xml version="1.0" encoding="UTF-8"?><collection xmlns="http://www.loc.gov/MARC21/slim"><record><leader>00590nam--2200181-i-4500</leader><controlfield tag="001">000049153</controlfield><controlfield tag="002">20161230</controlfield><controlfield tag="005">20161230201047</controlfield><controlfield tag="008">060222s1000------------r-----000-0-eng-d</controlfield><datafield ind1=" " ind2=" " tag="040"><subfield code="a">IFIN-HH</subfield></datafield><datafield ind1=" " ind2=" " tag="080"><subfield code="a">539.12.162.8(061.3)</subfield></datafield><datafield ind1="1" ind2=" " tag="100"><subfield code="a">Malhotra, P. K</subfield></datafield><datafield ind1="1" ind2="0" tag="245"><subfield code="a">Proceedings of the first symposium on hifh energy physics</subfield><subfield code="b">Indian institute of technology, bombay december 12-16, 1972</subfield><subfield code="c">P.k. malhotra, v. gupta, s.n. ganguli (eds.)</subfield></datafield><datafield ind1=" " ind2=" " tag="260"><subfield code="a">Trombay</subfield><subfield code="b">B.A.R.C</subfield><subfield code="c">1972</subfield></datafield><datafield ind1=" " ind2=" " tag="300"><subfield code="a">VIII + 523P</subfield></datafield><datafield ind1="1" ind2=" " tag="700"><subfield code="a">Ganguli, S. N</subfield><subfield code="e">Ed</subfield></datafield><datafield ind1=" " ind2=" " tag="852"><subfield code="a">40013</subfield><subfield code="c">539.12</subfield></datafield><datafield ind1=" " ind2=" " tag="CAT"><subfield code="a">Sys</subfield><subfield code="c">20111123</subfield><subfield code="h">131320</subfield></datafield></record></collection>